

@misc{picard,
  title = {Picard},
  howpublished = {\url{http://broadinstitute.github.io/picard/}},
}